<mx:record xmlns="http://www.w3.org/TR/xhtml1/strict" xmlns:mx="http://www.loc.gov/MARC21/slim" xmlns:xsi="http://www.w3.org/2001/XMLSchema-instance"><mx:leader>00000cz   2200000n  4500</mx:leader><mx:controlfield tag="001">oca01071999 </mx:controlfield><mx:controlfield tag="005">19910214102113.4</mx:controlfield><mx:controlfield tag="008">840302n| acannaab|          |a aaa |||  </mx:controlfield><mx:datafield ind1=" " ind2=" " tag="010"><mx:subfield code="a">n  82246814</mx:subfield></mx:datafield><mx:datafield ind1=" " ind2=" " tag="040"><mx:subfield code="a">DLC</mx:subfield><mx:subfield code="c">DLC</mx:subfield><mx:subfield code="d">DLC</mx:subfield></mx:datafield><mx:datafield ind1="1" ind2=" " tag="100"><mx:subfield code="a">Lydus, Johannes Laurentius,</mx:subfield><mx:subfield code="d">490-ca. 565</mx:subfield></mx:datafield><mx:datafield ind1="0" ind2=" " tag="400"><mx:subfield code="a">Joannes Lydus</mx:subfield><mx:subfield code="w">nnaa</mx:subfield></mx:datafield><mx:datafield ind1="1" ind2=" " tag="400"><mx:subfield code="a">Laurentius, Johannes Lydus,</mx:subfield><mx:subfield code="d">490-ca. 565</mx:subfield></mx:datafield><mx:datafield ind1="1" ind2=" " tag="400"><mx:subfield code="a">Lydus, Johannes,</mx:subfield><mx:subfield code="b">490-ca. 565</mx:subfield></mx:datafield><mx:datafield ind1="1" ind2=" " tag="400"><mx:subfield code="a">Lydus, John,</mx:subfield><mx:subfield code="d">490-ca. 565</mx:subfield></mx:datafield><mx:datafield ind1="0" ind2=" " tag="400"><mx:subfield code="a">Johannes Lydus,</mx:subfield><mx:subfield code="d">490-ca. 565</mx:subfield></mx:datafield><mx:datafield ind1="1" ind2=" " tag="400"><mx:subfield code="a">Lido, Giovanni,</mx:subfield><mx:subfield code="d">490-ca. 565</mx:subfield></mx:datafield><mx:datafield ind1="1" ind2=" " tag="400"><mx:subfield code="a">Lydus, Ioannes Laurentius,</mx:subfield><mx:subfield code="d">490-ca. 565</mx:subfield></mx:datafield><mx:datafield ind1=" " ind2=" " tag="670"><mx:subfield code="a">His On powers, or, The magistracies of the Roman state, 1983, c1982:</mx:subfield><mx:subfield code="b">t.p. (Joannes Lydus) p. ix, etc. (Ioannes Laurentious Philadelpheus Lydos; generally referred to as Lydus; b. A.D. 490 in Philadelphia in Lydia)</mx:subfield></mx:datafield><mx:datafield ind1=" " ind2=" " tag="670"><mx:subfield code="a">LC manual cat.</mx:subfield><mx:subfield code="b">(hdg.: Joannes Lydus; usage: Ioannis Lydi ...; Ioannis Laurentii Lydi ...)</mx:subfield></mx:datafield><mx:datafield ind1=" " ind2=" " tag="670"><mx:subfield code="a">Brit. Lib. Gen. cat. of ptd. books to 1975</mx:subfield><mx:subfield code="b">(Laurentius, Joannes Lydus)</mx:subfield></mx:datafield><mx:datafield ind1=" " ind2=" " tag="670"><mx:subfield code="a">Oxford class. dict., 1970</mx:subfield><mx:subfield code="b">(Lydus, Ioannes Laurentius; Greek writer)</mx:subfield></mx:datafield><mx:datafield ind1=" " ind2=" " tag="670"><mx:subfield code="a">Harper&amp;#039;s dict. of class. lit. and antiq., c1923</mx:subfield><mx:subfield code="b">(Lydus, Ioannes Laurentius)</mx:subfield></mx:datafield><mx:datafield ind1=" " ind2=" " tag="670"><mx:subfield code="a">Caimi, J. Burocrazia e diritto nel De magistratibus di Giovanni Lido, 1984:</mx:subfield><mx:subfield code="b">p. 1 (b. 490, d. ca. 565)</mx:subfield></mx:datafield><mx:datafield ind1=" " ind2=" " tag="670"><mx:subfield code="a">Maas, M. John Lydus and the Roman past, 1991.</mx:subfield></mx:datafield><mx:datafield ind1=" " ind2=" " tag="999"><mx:subfield code="a">2506.8945</mx:subfield></mx:datafield></mx:record>